<?xml version="1.0" encoding="UTF-8"?><collection xmlns="http://www.loc.gov/MARC21/slim"><record><leader>00418nam--2200145-i-4500</leader><controlfield tag="001">000012678</controlfield><controlfield tag="002">20161230</controlfield><controlfield tag="005">20161230201029</controlfield><controlfield tag="008">060222s1000------------r-----000-0-eng-d</controlfield><datafield ind1=" " ind2=" " tag="080"><subfield code="a">621.039.587:693.55(047.3)</subfield></datafield><datafield ind1=" " ind2=" " tag="100"><subfield code="a">Adamik, V</subfield></datafield><datafield ind1=" " ind2=" " tag="245"><subfield code="a">A theoretical study of reinforced concrete under missile impact loading</subfield></datafield><datafield ind1=" " ind2=" " tag="260"><subfield code="a">Roma, Comitato Nazionale Energia Nucleare, 1977 48 P</subfield></datafield><datafield ind1=" " ind2=" " tag="490"><subfield code="a">77/29</subfield></datafield><datafield ind1=" " ind2=" " tag="852"><subfield code="a">17340</subfield></datafield></record></collection>